@book{zuill2022software,
  title={Software Teaming: A Mob Programming, Whole-Team Approach},
  author={Zuill, Woody and Meadows, Kevin},
  isbn={9798361186938},
  year={2022},
  publisher={Independently published},
  edition={2nd}
}

@article{wirfs2007does,
  title={Does beautiful code imply beautiful design?},
  author={Wirfs-Brock, Rebecca J},
  journal={IEEE Software},
  volume={24},
  number={6},
  pages={18--20},
  year={2007},
  publisher={IEEE}
}

@article{Lacerda_2020,
  title={Code smells and refactoring: A tertiary systematic review of challenges and observations},
  volume={167},
  ISSN={0164-1212},
  url={http://dx.doi.org/10.1016/j.jss.2020.110610},
  DOI={10.1016/j.jss.2020.110610},
  journal={Journal of Systems and Software},
  publisher={Elsevier BV},
  author={Lacerda, Guilherme and Petrillo, Fabio and Pimenta, Marcelo and Guéhéneuc, Yann Gaël},
  year={2020},
  month=sep, pages={110610}
}

@book{Gabriel1996,
  author    = {Richard P. Gabriel},
  title     = {Patterns of Software: Tales from the Software Community},
  year      = {1996},
  publisher = {Oxford University Press},
  address   = {New York},
  isbn      = {9780195102697}
}

@article{wenger2011communities,
  title={Communities of practice: A brief introduction},
  author={Wenger, Etienne},
  year={2011},
  publisher={National Science Foundation (US)}
}

@misc{wenger2015introduction,
  title={Introduction to communities of practice: A brief overview of the concept and its uses},
  author={Wenger-Trayner, Etienne and Wenger-Trayner, Beverly},
  url={https://www.wenger-trayner.com/introduction-to-communities-of-practice/},
  year={2015}
}

@misc{kovitz2025cs356syllabus,
  author = {Kovitz, Ben},
  title = {CS 356, Software Design, Spring 2025: Course Syllabus},
  institution = {California State Polytechnic University, Humboldt},
  year = {2025},
  url = {https://github.com/bkovitz/cs356-sp25/blob/master/syllabus/syllabus.pdf},
  urldate = {2025-07-04},
  %note = {Course syllabus}
}

@article{reeves1992software,
  title={What Is Software Design?},
  author={Reeves, Jack W.},
  journal={C++ Journal},
  volume={2},
  number={2},
  year={1992},
  url={https://www.developerdotstar.com/mag/articles/reeves_design_main.html}
}

@techreport{IEEE1016-2009,
  title={IEEE Standard for Information Technology--Systems Design--Software Design Descriptions},
  author={{IEEE}},
  institution={Institute of Electrical and Electronics Engineers},
  year={2009},
  type={Standard},
  number={IEEE Std 1016-2009},
  address={New York, NY, USA},
  note={Revision of IEEE Std 1016-1998}
}

@misc{falco2014strong,
  author = {Falco, Llewellyn},
  title = {Llewellyn's strong-style pairing},
  howpublished = {Blog post},
  url = {http://llewellynfalco.blogspot.com/2014/06/llewellyns-strong-style-pairing.html},
  month = {June},
  year = {2014},
  %note = {Accessed: July 5, 2025}
}

@misc{bjork_atm_simulation,
  author = {Russell C. Bjork},
  title = {{ATM} Simulation: An Extended Exercise in Object-Oriented Design},
  howpublished = {\url{https://www.math-cs.gordon.edu/courses/cs211/ATMExample/}},
  institution = {Gordon College},
  address = {Wenham, MA},
  note = {Computer Science Course Materials}
}

@book{wirfs1990designing,
  title={Designing Object-Oriented Software},
  author={Wirfs-Brock, Rebecca and Wilkerson, Brian and Wiener, Lauren},
  year={1990},
  publisher={Prentice Hall},
  address={Englewood Cliffs, NJ},
  isbn={0136298257}
}

@misc{budiu2024dotvoting,
  author = {Gibbons, Sarah},
  title = {Dot Voting: A Simple Decision-Making and Prioritizing Technique in UX},
  howpublished = {\url{https://www.nngroup.com/articles/dot-voting/}},
  year = {2024},
  month = {February},
  day = {2},
  organization = {Nielsen Norman Group}
}
